<record><leader>00000cas a2200000 i 4500</leader><controlfield tag="001">835158513</controlfield><controlfield tag="006">m     o  d        </controlfield><controlfield tag="007">cr |||||||||||</controlfield><controlfield tag="008">130403d185u1857tnuwr ne      0   a0eng  </controlfield><datafield ind1=" " ind2=" " tag="010"><subfield code="a">  2013218694</subfield></datafield><datafield ind1=" " ind2=" " tag="040"><subfield code="a">DLC</subfield><subfield code="b">eng</subfield><subfield code="e">rda</subfield><subfield code="c">DLC</subfield><subfield code="d">DLC</subfield><subfield code="d">OCLCQ</subfield><subfield code="d">OCLCF</subfield></datafield><datafield ind1="0" ind2=" " tag="022"><subfield code="a">2327-8919</subfield><subfield code="2">1</subfield></datafield><datafield ind1=" " ind2=" " tag="042"><subfield code="a">pcc</subfield><subfield code="a">nsdp</subfield></datafield><datafield ind1=" " ind2=" " tag="043"><subfield code="a">n-us-tn</subfield></datafield><datafield ind1="1" ind2="0" tag="050"><subfield code="a">ISSN RECORD</subfield></datafield><datafield ind1="0" ind2="0" tag="082"><subfield code="a">071</subfield><subfield code="2">23</subfield></datafield><datafield ind1="0" ind2=" " tag="130"><subfield code="a">Weekly Clarksville chronicle (Online)</subfield></datafield><datafield ind1=" " ind2="0" tag="222"><subfield code="a">Weekly Clarksville chronicle</subfield><subfield code="b">(Online)</subfield></datafield><datafield ind1="1" ind2="0" tag="245"><subfield code="a">Weekly Clarksville chronicle.</subfield></datafield><datafield ind1="1" ind2="3" tag="246"><subfield code="a">Clarksville chronicle</subfield></datafield><datafield ind1=" " ind2="1" tag="264"><subfield code="a">Clarksville, Tennessee :</subfield><subfield code="b">R.W. Thomas,</subfield><subfield code="c">-1857.</subfield></datafield><datafield ind1=" " ind2=" " tag="310"><subfield code="a">Weekly</subfield></datafield><datafield ind1=" " ind2=" " tag="336"><subfield code="a">text</subfield><subfield code="b">txt</subfield><subfield code="2">rdacontent</subfield></datafield><datafield ind1=" " ind2=" " tag="337"><subfield code="a">computer</subfield><subfield code="b">c</subfield><subfield code="2">rdamedia</subfield></datafield><datafield ind1=" " ind2=" " tag="338"><subfield code="a">online resource</subfield><subfield code="b">cr</subfield><subfield code="2">rdacarrier</subfield></datafield><datafield ind1="1" ind2=" " tag="362"><subfield code="a">Ceased with volume 8, no. 50 (Oct. 23, 1857).</subfield></datafield><datafield ind1=" " ind2=" " tag="500"><subfield code="a">Jan. 9 and 16, 1857 issues misdated Jan. 9 and 16, 1856.</subfield></datafield><datafield ind1=" " ind2=" " tag="500"><subfield code="a">Editor: R.W. Thomas, &lt;1856&gt;.</subfield></datafield><datafield ind1=" " ind2=" " tag="530"><subfield code="a">Also issued in print.</subfield></datafield><datafield ind1=" " ind2=" " tag="588"><subfield code="a">Description based on: Vol. 7, no. 25 (April 25, 1856); title from masthead (Chroniclingamerica.loc.gov, viewed Apr. 3, 2013).</subfield></datafield><datafield ind1=" " ind2=" " tag="588"><subfield code="a">Latest issue consulted: Volume 8, no. 50 (October 23, 1857) (Chroniclingamerica.loc.gov, viewed Apr. 3, 2013).</subfield></datafield><datafield ind1=" " ind2="0" tag="651"><subfield code="a">Clarksville (Tenn.)</subfield><subfield code="v">Newspapers.</subfield></datafield><datafield ind1=" " ind2="0" tag="651"><subfield code="a">Montgomery County (Tenn.)</subfield><subfield code="v">Newspapers.</subfield></datafield><datafield ind1=" " ind2="7" tag="655"><subfield code="a">Newspapers.</subfield><subfield code="2">fast</subfield><subfield code="0">(OCoLC)fst01423814</subfield></datafield><datafield ind1=" " ind2="7" tag="651"><subfield code="a">Tennessee</subfield><subfield code="z">Clarksville.</subfield><subfield code="2">fast</subfield><subfield code="0">(OCoLC)fst01216907</subfield></datafield><datafield ind1=" " ind2="7" tag="651"><subfield code="a">Tennessee</subfield><subfield code="z">Montgomery County.</subfield><subfield code="2">fast</subfield><subfield code="0">(OCoLC)fst01209636</subfield></datafield><datafield ind1=" " ind2=" " tag="752"><subfield code="a">United States</subfield><subfield code="b">Tennessee</subfield><subfield code="c">Montgomery</subfield><subfield code="d">Clarksville.</subfield></datafield><datafield ind1="1" ind2=" " tag="776"><subfield code="t">Weekly Clarksville chronicle</subfield><subfield code="x">2327-8900</subfield><subfield code="w">(DLC)sn 85033372</subfield><subfield code="w">(OCoLC)11905254</subfield></datafield><datafield ind1="0" ind2="0" tag="780"><subfield code="t">Clarksville weekly chronicle (Clarksville, Tenn : 1855 : Online)</subfield><subfield code="x">2327-8889</subfield><subfield code="w">(DLC)  2013218693</subfield></datafield><datafield ind1="0" ind2="0" tag="785"><subfield code="t">Clarksville chronicle (Clarksville, Tenn. : 1857 : Online)</subfield><subfield code="x">2327-8943</subfield><subfield code="w">(DLC)  2013218695</subfield><subfield code="w">(OCoLC)835163130</subfield></datafield><datafield ind1="4" ind2="1" tag="856"><subfield code="u">http://www.loc.gov/chroniclingamerica/lccn/sn85033372/issues</subfield></datafield></record>